% This file was created with JabRef 2.10.
% Encoding: UTF-8


@Misc{BMJV_LSV,
  Title                    = {Lades{\"a}ulenverordnung vom 9. M{\"a}rz 2016 (BGBl. I S. 457), die durch Artikel 1 der Verordnung vom 1. Juni 2017 (BGBl. I S. 1520) ge{\"a}ndert worden ist: LSV},
  Author                   = {{Bundesministerium der Justiz und f{\"u}r Verbraucherschutz}},
  Year                     = {09.03.2016},
  Url                      = {https://www.gesetze-im-internet.de/lsv/BJNR045700016.html},
  Note                     = { aufgerufen am 17.06.18}
}

@Misc{CENELEC,
  Title                    = {EN 50631-1:2017;CLC/TC 59X; Performance of household and similar electrical appliances},
  Author                   = {CENELEC},
  Url                      = {https://www.cenelec.eu/dyn/www/f?p=104:110:62657705178101::::FSP_ORG_ID,FSP_LANG_ID,FSP_PROJECT:1257245,25,47024},
  Note                     = { aufgerufen am 20.02.18}
}

@Book{BA_Chris_Ong_2017,
  Title                    = {Errichtung einer Energieverbundinsel mit teilautarker Ladeinfrastruktur f{\"u}r Elektrofahrzeuge: Bachelorarbeit an der Hochschule Mannheim, Fakult{\"a}t f{\"u}r Elektrotechnik, Institut f{\"u}r Automatisierungstechnik},
  Author                   = {{Chris Wan Yee Ong}},
  Year                     = {2017}
}

@Misc{evsim,
  Title                    = {EVSim: Tester f{\"u}r Ladestationen},
  Author                   = {Mathias Dalheimer},
  Year                     = {2018},
  Month                    = {01},
  Url                      = {https://evsim.gonium.net/},
  Note                     = { aufgerufen am 23.05.18},

  Owner                    = {humanimaliberation},
  Timestamp                = {2018.05.23}
}

@Misc{CCC,
  Title                    = {Pr{\"a}sentation "Ladeinfrastruktur f{\"u}r Elektroautos: Ausbau statt Sicherheit" auf dem 34C3},
  Author                   = {Mathias Dalheimer},
  Year                     = {2017},
  Month                    = {12},
  Url                      = {https://media.ccc.de/v/34c3-9092-ladeinfrastruktur_fur_elektroautos_ausbau_statt_sicherheit},
  Note                     = { aufgerufen am 23.05.18},

  Owner                    = {humanimaliberation},
  Timestamp                = {2018.04.30}
}

@Misc{FraunhoferISI_Emobility_2011,
  Title                    = {Gesellschaftliche Fragestellungen der Elektromobilit{\"a}t: Brosch{\"u}re},
  Author                   = {{David Dallinger}},
  Editor                   = {{Fraunhofer-Institut f{\"u}r System- und Innovationsforschung ISI}},
  Year                     = {2011},
  Url                      = {http://www.isi.fraunhofer.de/isi-wAssets/docs/e/de/publikationen/elektromobilitaet_broschuere.pdf},
  Note                     = { aufgerufen am 12.01.18}
}

@Misc{ETSI,
  Title                    = {TS 103 410-1 V1.1.1 SmartM2M;~Smart Appliances Extension to SAREF},
  Author                   = {ETSI},
  Year                     = {2017-01},
  Url                      = {http://www.etsi.org/deliver/etsi_ts/103400_103499/10341001/01.01.01_60/ts_10341001v010101p.pdf},
  Note                     = { aufgerufen am 20.02.18}
}

@Misc{EU_Aufbau_Infrastruktur,
  Title                    = {RICHTLINIE 2014/94/EU {\"u}ber den Aufbau der Infrastruktur f{\"u}r alternative Kraftstoffe},
  Author                   = {{Europ{\"a}isches Parlament und europ{\"a}ischer Rat}},
  Year                     = {22.10.2014},
  Url                      = {http://eur-lex.europa.eu/legal-content/DE/TXT/PDF/?uri=CELEX:32014L0094},
  Note                     = { aufgerufen am 31.01.18}
}

@Misc{AEE_ReNews_Strompseicher_2012,
  Title                    = {Renews Spezial Ausgabe 57 / M{\"a}rz 2012: Strom speichern},
  Author                   = {{Eva Mahnke}, J{\"o}rg M{\"u}hlenhoff},
  Editor                   = {{Agentur f{\"u}r Erneuerbare Energien}},
  Url                      = {http://www.unendlich-viel-energie.de/media/file/160.57_Renews_Spezial_Strom_speichern_mar13_online.pdf},
  Note                     = { aufgerufen am 21.01.18}
}

@Book{REN2,
  Title                    = {Das Energieangebot der Sonne, Skript der Vorlesung Regenerative Energien 2 an der Hochschule Mannheim},
  Author                   = {P. D. N. Kniffler},
  Year                     = {2017},

  Owner                    = {humanimaliberation},
  Timestamp                = {2018.04.16}
}

@Article{EAutos_Ranking,
  Title                    = {Diese Elektroautos werden wir h{\"a}ufiger auf den Stra{\ss}en sehen: Neuzulassungen 2017},
  Author                   = {{Michael Brecht}},
  Year                     = {18.01.2018},
  Url                      = {https://www.welt.de/wirtschaft/bilanz/article172526314/Elektroautos-Das-sind-die-beliebtesten-E-Autos-2017.html},
  Note                     = { aufgerufen am 27.02.18},

  Journal                  = {WELT}
}

@Misc{IEA_Energy_Technology_Persepectives_2010,
  Title                    = {Energy Technology Perspectives 2010: Scenarios and Strategies to 2050},
  Author                   = {OECD, Organisation for Economic Co-operation and Development},
  Date                     = {2010},
  Editor                   = {{Internatoinal Energy Agency}},
  Url                      = {https://www.iea.org/publications/freepublications/publication/etp2010.pdf},
  Note                     = { aufgerufen am 17.06.18},

  Abstract                 = {This 2010 edition of Energy Technology Perspectives examines the extent to which an energy technology revolution is taking place, the key technologies that are emerging, the costs and benefits of these technologies, and policies needed to foster their use. ETP 2010 presents updated scenarios from the present to 2050 that show which new technologies will be most important in key sectors and in different regions of the world. It highlights the importance of finance to achieve change, examines the implications of the scenarios for energy security and looks at how to accelerate{\&}nbsp;the deployment



Energy Technology Perspectives 2010 presents updated scenarios from the present to 2050 that show which new technologies will be most important in key sectors and in different regions of the world. It highlights the importance of finance to achieve change, examines the implications of the scenarios for energy security and looks at how to accelerate the deployment of low-carbon technologies in major developing countries. It presents roadmaps and transition pathways for spurring deployment of the most important clean technologies and for overcoming existing barriers.},
  Address                  = {s.l.},
  Edition                  = {1. Aufl.},
  ISBN                     = {978-92-64-08597-8},
  Publisher                = {OECD}
}

@Book{STA_Oliver_Kersten_2015,
  Title                    = {Erstellung eines Konzeptes zum Projekt Energieverbundsystem "Energieinsel Mannheim": Studienarbeit an der Hochschule Mannheim,Fakult{\"a}t f{\"u}r Elektrotechnik, Institut f{\"u}r Automatisierungstechnik},
  Author                   = {{Oliver Kersten}},
  Year                     = {2015}
}

@Misc{OGEMA_Praes,
  Title                    = {Flexible Softwareplattform f{\"u}r Energiemanagement},
  Author                   = {{Peter Heusinger}},
  Editor                   = {{Fraunhofer Institut f{\"u}r Integrierte Schaltungen}},
  Year                     = {27.10.2014},
  Url                      = {https://www.energy-seeds.org/content/dam/energy-seeds/de/documents/22_2014-10-27_Energiesymposium_FhG-IIS-Heusinger_Flexible-Softwarplatforem-Energiemanagement.pdf},
  Note                     = { aufgerufen am 16.02.18}
}

@Patent{patent1,
  Title                    = {Lead crystal storage cells and storage devices made therefrom},
  Author                   = {Rudolf Hradcovsky, Otto R. R. Kozak},
  Date                     = {03.06.1979},
  Number                   = {United States Patent 4143216},
  Year                     = {1979},
  Url                      = {http://www.freepatentsonline.com/4143216.html},
  Note                     = { aufgerufen am 12.06.18},

  Owner                    = {humanimaliberation},
  Timestamp                = {2018.06.12}
}

@Patent{patent2,
  Title                    = {Method for lead crystal storage cells and storage devices made therefrom},
  Author                   = {Rudolf Hradcovsky, Otto R. R. Kozak},
  Date                     = {02.20.1979},
  Year                     = {1979},
  Url                      = {https://patents.google.com/patent/US4140589},
  Note                     = { aufgerufen am 12.06.18},

  Owner                    = {humanimaliberation},
  Timestamp                = {2018.06.12}
}

@Misc{latex_template,
  Title                    = {Vorlage f{\"u}r Abschlussarbeiten mit LaTeX an der Hochschule Mannheim},
  Author                   = {Prof. Thomas Smits},
  Url                      = {https://github.com/informatik-mannheim/thesis-template/tree/master/latex},
  Note                     = { aufgerufen am 17.06.18},

  Owner                    = {humanimaliberation},
  Timestamp                = {2018.04.21}
}

@Misc{spec_zoeeta,
  Title                    = {Messergebnisse des Ladewirkungsgrads bei verschiedenen Umgebungstemperaturen bei einem Renault Zoe},
  Author                   = {STEN, Online-Forist auf https://www.goingelectric.de},
  Url                      = {https://www.goingelectric.de/forum/renault-zoe-laden/zoe-ladewirkungsgrad-vs-umgebungstemperatur-beim-laden-t5056.html},
  Note                     = { aufgerufen am 17.06.18},

  Owner                    = {humanimaliberation},
  Timestamp                = {2018.04.22}
}

@Misc{Comparison_Batteries_2015,
  Title                    = {Comparison of Characteristics - Lead Acid, Nickel Based, Lead Crystal and Lithium Based Batteries},
  Author                   = {{Syed Murtaza Ali Shah Bukhari, Junaid Maqsood, Mirza Qutab Baig, Suhail Ashraf, Tamim Ahmed Khan}},
  Editor                   = {{UKSIM-AMSS International Conference on Modelling and Simulation}},
  Url                      = {https://ieeexplore.ieee.org/document/7576583/},
  Note                     = { aufgerufen am 23.01.18}
}

@Misc{github_energyflowsim,
  Title                    = {EnergyFlowSim - Matlab Programm zur Generierung von PV-Ertragsprofilen und Simulation der Energieflüsse einer teilautarken Ladeinfrastruktur},
  Author                   = {Matthias Werle},
  Year                     = {2018},
  Url                      = {https://github.com/Humanimaliberation/EnergyFlowSim/tree/master},
  Note                     = { aufgerufen am 12.06.18},

  Owner                    = {humanimaliberation},
  Timestamp                = {2018.04.24}
}

@Misc{IEC_CHAdeMO,
  Title                    = {CHAdeMO officially recognised as international DC fast charging standard published by IEC},
  Editor                   = {{Automotive World}},
  Year                     = {2014},
  Url                      = {https://www.automotiveworld.com/news-releases/chademo-officially-recognised-international-dc-fast-charging-standard-published-iec/},
  Note                     = { aufgerufen am 31.01.18}
}

@Misc{BattUni_Temperatur,
  Title                    = {BU-410: Charging at High and Low Temperatures: Learn how to extend battery life by moderating ambient temperatures.},
  Editor                   = {{Battery University}},
  Year                     = {15.09.2017},
  Url                      = {http://batteryuniversity.com/index.php/learn/article/charging_at_high_and_low_temperatures},
  Note                     = { aufgerufen am 31.01.18}
}

@Misc{BDEW_Handlungsempfehlung,
  Title                    = {Hochlauf der Elektromobilit{\"a}t in Deutschland bis 2020: Handlungsempfehlungen zur F{\"o}rderung der Elektromobilit{\"a}t: Stellungnahme},
  Editor                   = {{BDEW Bundesverband der Energie- und Wasserwirtschaft e.V.}},
  Url                      = {https://www.bdew.de/media/documents/Stn_20170410_Elektromobilitaet-Deutschland-2020.pdf},
  Note                     = { aufgerufen am 12.01.18}
}

@Misc{BDEW_Anzahl_Ladepunkte,
  Title                    = {Ausbau der {\"o}ffentlich zug{\"a}nglichen Ladepunkte},
  Editor                   = {{BDEW Bundesverband der Energie- und Wasserwirtschaft e.V.}},
  Year                     = {2017},
  Url                      = {https://www.vewsaar.de/fileadmin/dokumente/Aktuell/Presse/2017/Anlage1_BDEW_Praesentation_Erhebung_Ladeinfrastruktur.pdf},
  Note                     = { aufgerufen am 12.01.18}
}

@Misc{Emobility_StatusQuo_2016,
  Title                    = {Status quo Ladeinfrastruktur 2016: Workshop Dokumentation: Ergebnispapier Nr. 36},
  Editor                   = {{Begleit- und Wirkungsforschung Schaufenster Elektromobilit{\"a}t}},
  Year                     = {2017},
  Url                      = {http://schaufenster-elektromobilitaet.org/media/media/documents/dokumente_der_begleit__und_wirkungsforschung/EP36_Ladeinfrastruktur_online.pdf},
  Note                     = { aufgerufen am 12.01.18}
}

@Misc{BMVI_Frderrichtlinie_Ladeinfra,
  Title                    = {F{\"o}rderrichtlinie Ladeinfrastruktur f{\"u}r Elektrofahrzeuge in Deutschland},
  Editor                   = {{Bundesministerium f{\"u}r Verkehr und digitale Infrastruktur}},
  Year                     = {2017},
  Url                      = {https://www.bmvi.de/SharedDocs/DE/Anlage/G/foerderrichtlinie-ladeinfrastruktur-fuer-fahrzeuge-in-deutschland.pdf?__blob=publicationFile},
  Note                     = { aufgerufen am 12.01.18}
}

@Misc{CENELEC_SmartGrid,
  Title                    = {Smart Grid Reference Architecture},
  Date                     = {2012-11},
  Editor                   = {{CEN-CENELEC-ETSI Smart Grid Coordination Group}},
  Url                      = {https://ec.europa.eu/energy/sites/ener/files/documents/xpert_group1_reference_architecture.pdf},
  Note                     = { aufgerufen am 24.02.18}
}

@Misc{DWD,
  Title                    = {Climate Data Center: FTP-Server},
  Editor                   = {{Deutscher Wetter Dienst}},
  Url                      = {ftp://ftp-cdc.dwd.de/pub/CDC/},
  Note                     = { aufgerufen am 06.02.18}
}

@Misc{NEP_2009,
  Title                    = {Nationaler Entwicklungsplan Elektromobilit{\"a}t der Bundesregierung},
  Editor                   = {{Die Bundesregierung Deutschland}},
  Year                     = {2009},
  Url                      = {http://www.bmub.bund.de/fileadmin/bmu-import/files/pdfs/allgemein/application/pdf/nep_09_bmu_bf.pdf},
  Note                     = { aufgerufen am 12.01.18}
}

@Misc{EEBUS_Intro,
  Title                    = {EEBus SPINE Technical Report: Introduction: V.1.0.0},
  Editor                   = {{EEBus Initiative e.V.}},
  Year                     = {2016-04-29},
  Url                      = {https://www.eebus.org/download-standard/},
  Note                     = { aufgerufen am 17.06.18},

  Address                  = {K{\"o}ln}
}

@Misc{EEBUS_Spec_Prot,
  Title                    = {EEBus SPINE Technical Specification: Protocol Specification: V 1.0.0},
  Editor                   = {{EEBus Initiative e.V.}},
  Year                     = {2016-04-29},
  Url                      = {https://www.eebus.org/download-standard/},
  Note                     = { aufgerufen am 17.06.18},

  Address                  = {K{\"o}ln}
}

@Misc{EEBUS_Spec_Res,
  Title                    = {EEBus SPINE Technical Specification: Resource Specification: Version 1.0.0},
  Editor                   = {{EEBus Initiative e.V.}},
  Year                     = {2016-04-29},
  Url                      = {https://www.eebus.org/download-standard/},
  Note                     = { aufgerufen am 17.06.18},

  Address                  = {K{\"o}ln}
}

@Misc{FfE_Lademodelle_EAutos,
  Title                    = {Detaillierte Betrachtung von Lademodellen f{\"u}r Elektroautos: Endbericht zum Projekt KW21 BY 2E -- Einsatzm{\"o}glichkeiten von Elektroautos zum Lastmanagement: ISBN:~978-3-941802-07-0},
  Date                     = {Dezember 2012},
  Editor                   = {{Forschungsstelle f{\"u}r Energiewirtschaft e.V. FfE}},
  Url                      = {https://www.ffe.de/download/article/221/2012-11-27_Endbericht_eV_KW21BY2E_Batterie.pdf},
  Note                     = { aufgerufen am 28.02.18}
}

@Book{IPCC_Climate_Change_2007,
  Title                    = {Climate change 2007: Mitigation of climate change : contribution of Working Group III to the Fourth Assessment Report of the Intergovernmental Panel on Climate Change: Chapter 5, Transport and its infrastructure},
  Year                     = {2007},
  Editor                   = {Metz, Bert},
  ISBN                     = {978-0-521-70598-1},
  Publisher                = {{Cambridge University Press}},
  Url                      = {https://doi.org/10.1017/CBO9780511546013},
  Note                     = { aufgerufen am 12.01.18},

  Abstract                 = {The Climate Change 2007 volumes of the Fourth Assessment Report of the Intergovernmental Panel on Climate Change (IPCC) provide the most comprehensive and balanced assessment of climate change available. This IPCC Working Group III volume provides a comprehensive, state-of-the-art and worldwide overview of scientific knowledge related to the mitigation of climate change. It includes a detailed assessment of costs and potentials of mitigation technologies and practices, implementation barriers, and policy options for the sectors: energy supply, transport, buildings, industry, agriculture, forestry and waste management. It links sustainable development policies with climate change practices. This volume will again be the standard reference for all those concerned with climate change, including students and researchers, analysts and decision-makers in governments and the private sector},
  Address                  = {Cambridge},
  Price                    = {paperback}
}

@Misc{NREL_PV_eta,
  Title                    = {Best Research-Cell Efficiencies},
  Editor                   = {{National Renewable Energy Laboratory}},
  Year                     = {30.10.2017},
  Url                      = {https://www.nrel.gov/pv/assets/images/efficiency-chart.png},
  Note                     = { aufgerufen am 17.06.18}
}

@Misc{UBA_GHE,
  Title                    = {J{\"a}hrliche Treibhausgas-Emissionen in Deutschland: Entwicklung 1990 bis 2015},
  Editor                   = {Umweltbundesamt},
  Year                     = {28.02.18},
  Url                      = {https://www.umweltbundesamt.de/themen/klima-energie/klimaschutz-energiepolitik-in-deutschland/treibhausgas-emissionen/emissionsquellen#textpart-1},
  Note                     = { aufgerufen am 17.06.18}
}

@Misc{UBA_NOx,
  Title                    = {Stickstoffoxid (NOx, gerechnet als NO2)-Emissionen nach Quellkategorie: Entwicklung 1990 bis 2015},
  Editor                   = {Umweltbundesamt},
  Year                     = {28.02.18},
  Url                      = {https://www.umweltbundesamt.de/daten/luft/luftschadstoff-emissionen-in-deutschland/stickstoffoxid-emissionen#textpart-1},
  Note                     = { aufgerufen am 17.06.18}
}

@Misc{DKE_SmartHome,
  Title                    = {GERMAN STANDARDIZATION ROADMAP: Smart Home + Building Version 2.0},
  Date                     = {2015-08},
  Editor                   = {{VDE Verband der Elektrotechnik Elektronik Informationstechnik e.V.}},
  Url                      = {https://www.dke.de/resource/blob/1511992/45ca0b869b3c199349c472d8a008f93e/german-standardization-roadmap-smart-home---building--version-2-0-data.pdf},
  Note                     = { aufgerufen am 24.02.18},

  Address                  = {Frankfurt},
  Institution              = {{DKE Deutsche Komission Elektrotechnik Elektronik Informationstechnik in DIN und VDE}}
}

@Misc{Abb_Steck_CEE,
  Title                    = {Bildquelle},
  Url                      = {https://en.wikipedia.org/wiki/IEC_60309#/media/File:CEE-Stecker.jpg},
  Note                     = { aufgerufen am 01.03.18}
}

@Misc{Abb_Steck_CHAdeMO,
  Title                    = {Bildquelle},
  Url                      = {https://en.wikipedia.org/wiki/CHAdeMO#/media/File:Chademo-combo2-iec-type-2-connectors-side-by-side.jpg},
  Note                     = { aufgerufen am 01.03.18}
}

@Misc{Abb_Steck_Combo1,
  Title                    = {Bildquelle},
  Url                      = {https://insideevs.com/wp-content/uploads/2012/10/SAE-Combo-plugs.jpg},
  Note                     = { aufgerufen am 01.03.18}
}

@Misc{Abb_Steck_Combo2,
  Title                    = {Bildquelle:},
  Url                      = {https://de.wikipedia.org/wiki/Datei:CCSCombo2.svg},
  Note                     = { aufgerufen am 01.03.18}
}

@Misc{Abb_Steck_Schuko,
  Title                    = {Bildquelle},
  Url                      = {https://de.wikipedia.org/wiki/Schuko#/media/File:Steckdose.jpg},
  Note                     = { aufgerufen am 01.03.18}
}

@Misc{Abb_Steck_Typ1,
  Title                    = {Bildquelle},
  Url                      = {https://en.wikipedia.org/wiki/File:Type1_J1772.svg},
  Note                     = { aufgerufen am 01.03.18}
}

@Misc{Abb_Steck_Typ2,
  Title                    = {Bildquelle},
  Url                      = {https://de.wikipedia.org/wiki/Datei:Stecker-Typ_2_Belegung.svg},
  Note                     = { aufgerufen am 01.03.18}
}

@Misc{Def_Energiemanagement,
  Title                    = {Wirtschaftslexikon - Definition Energiemanagement},
  Url                      = {http://wirtschaftslexikon.gabler.de/Definition/energiemanagement.html},
  Note                     = { aufgerufen am 16.02.18}
}

@Misc{EEBUS_Web,
  Title                    = {EEBUS Datenmodell},
  Url                      = {https://www.eebus.org/technologie/datenmodell/},
  Note                     = { aufgerufen am 21.02.18}
}

@Misc{gantt,
  Title                    = {Project management software GanttProject},
  Url                      = {https://www.ganttproject.biz/},
  Note                     = { aufgerufen am 17.06.18},

  Owner                    = {humanimaliberation},
  Timestamp                = {2018.04.21}
}

@Misc{HS_Campusplan,
  Title                    = {Campusplan der Hochschule Mannheim},
  Url                      = {https://www.hs-mannheim.de/die-hochschule/hochschule-mannheim/campusplan.html},
  Note                     = { aufgerufen am 17.06.18}
}

@Misc{KBA_EAutos_Zulassungen,
  Title                    = {Zulassungszahlen von Elektroautos: Auf Grundlage der Angaben zu Neuzulassungen des KBA, ohne Hybridfahrzeuge},
  Url                      = {https://www.e-stations.de/elektroautos/zulassungszahlen},
  Note                     = { aufgerufen am 30.01.18}
}

@Misc{miktex,
  Title                    = {TeX-Distribution MiKTex},
  Url                      = {https://miktex.org/},
  Note                     = { aufgerufen am 17.06.18},

  Owner                    = {humanimaliberation},
  Timestamp                = {2018.04.21}
}

@Misc{ogemamoma,
  Title                    = {OGEMA-Projekt der MVV Model City Mannheim (MoMa)},
  Url                      = {https://www.mvv.de/en/mvv_energie_gruppe/nachhaltigkeit_2/nachhaltig_wirtschaften_1/innovationen_1/modellstadt_mannheim_1/moma.jsp},
  Note                     = { aufgerufen am 17.06.18},

  Owner                    = {humanimaliberation},
  Timestamp                = {2018.04.22}
}

@Misc{spec_battery_buffer,
  Title                    = {Spezifikation: Lead Crystal 6-CNFJ-100 inkl. Poladapter-Set des Herstellers Lead Crystal Batteries},
  Url                      = {https://www.leadcrystalbatterien.de/shop/produkt/6-cnfj-100/},
  Note                     = { aufgerufen am 23.06.18},

  Owner                    = {humanimaliberation},
  Timestamp                = {2018.05.23}
}

@Misc{spec_i3,
  Title                    = {Herstellerinformation, technische Spezifikation des i3 von BMW},
  Url                      = {https://www.bmw.de/de/neufahrzeuge/bmw-i/i3/2017/technische-daten.html#tab-0},
  Note                     = { aufgerufen am 17.06.18},

  Owner                    = {humanimaliberation},
  Timestamp                = {2018.04.21}
}

@Misc{spec_i3eng,
  Title                    = {Englische Herstellerinformation, technische Spezifikation des i3 von BMW},
  Url                      = {https://www.bmw.com.mt/en/all-models/bmw-i/i3/2017/technical-data.html#tab-0},
  Note                     = { aufgerufen am 17.06.18},

  Owner                    = {humanimaliberation},
  Timestamp                = {2018.04.21}
}

@Misc{spec_laderegler,
  Title                    = {Spezifikation: Automatikladeger{\"a}t 12 Volt 50 Ampere des Herstellers Fraron},
  Url                      = {https://www.leadcrystalbatterien.de/shop/produkt/automatikladegeraet-12-volt-50-ampere/},
  Note                     = { aufgerufen am 23.05.18},

  Owner                    = {humanimaliberation},
  Timestamp                = {2018.05.23}
}

@Misc{spec_prius,
  Title                    = {Fahrzeugsteckbrief mit technischer Spezifikation des Prius Plug-in Hybrid von Toyota},
  Url                      = {https://www.e-stations.de/elektroautos/steckbrief?carid=102},
  Note                     = { aufgerufen am 17.06.18},

  Owner                    = {humanimaliberation},
  Timestamp                = {2018.04.21}
}

@Misc{spec_SMA,
  Title                    = {Herstellerinformation, technische Spezifikation des Wechselrichters SUNNY TRIPOWER 20000 TL-30 des Herstellers SMA},
  Url                      = {http://files.sma.de/dl/24336/STP25000TL-30-DAU1742-V31web.pdf},
  Note                     = { aufgerufen am 27.05.18},

  Owner                    = {humanimaliberation},
  Timestamp                = {2018.05.27}
}

@Misc{spec_smart,
  Title                    = {Herstellerinformation, technische Spezifikation des fortwo von Smart},
  Url                      = {https://www.smart.com/de/dealers/smartcenter-master/de/index/smart-eq-fortwo-453/technical-data.html},
  Note                     = { aufgerufen am 17.06.18},

  Owner                    = {humanimaliberation},
  Timestamp                = {2018.04.21}
}

@Misc{spec_stromos,
  Title                    = {Herstellerinformation, technische Spezifikation des Stromos von German E-Cars},
  Url                      = {https://www.german-e-cars.de/fahrzeuge/personenwagen/stromos/},
  Note                     = { aufgerufen am 17.06.18},

  Owner                    = {humanimaliberation},
  Timestamp                = {2018.04.21}
}

@Misc{spec_zero,
  Title                    = {Herstellerinformation, technische Spezifikation des ZeroDS ZF14.4 von Zero Motorcycles},
  Url                      = {http://www.zeromotorcycles.com/de/zero-ds},
  Note                     = { aufgerufen am 17.06.18},

  Owner                    = {humanimaliberation},
  Timestamp                = {2018.04.21}
}

@Misc{spec_zerocharging,
  Title                    = {Herstellerinformation zum Ladeanschluss des Charge Tanks von Zero Motorcycle},
  Url                      = {http://www.zeromotorcycles.com/charging/},
  Note                     = { aufgerufen am 17.06.18},

  Owner                    = {humanimaliberation},
  Timestamp                = {2018.04.23}
}

@Misc{spec_zoe,
  Title                    = {Herstellerinformation, technische Spezifikation zur Batterie und Ladeleistung des Zoe Z.E.40 von Renault},
  Url                      = {https://www.renault.de/modellpalette/renault-modelluebersicht/zoe/Batterie-und-Aufladen.html},
  Note                     = { aufgerufen am 17.06.18},

  Owner                    = {humanimaliberation},
  Timestamp                = {2018.04.21}
}

@Misc{texstudio,
  Title                    = {LaTeX-Entwicklungsumgebung TeXstudio},
  Url                      = {https://www.texstudio.org/},
  Note                     = { aufgerufen am 17.06.18},

  Owner                    = {humanimaliberation},
  Timestamp                = {2018.04.21}
}

@Misc{yed,
  Title                    = {yEd Graph Editor},
  Url                      = {https://www.yworks.com/},
  Note                     = { aufgerufen am 17.06.18},

  Owner                    = {humanimaliberation},
  Timestamp                = {2018.04.21}
}

